<?xml version="1.0" encoding="UTF-8"?><record xmlns="http://www.loc.gov/MARC21/slim" xmlns:cinclude="http://apache.org/cocoon/include/1.0" xmlns:zs="http://www.loc.gov/zing/srw/">
  <leader>00397nz  a2200145n  4500</leader>
  <controlfield tag="001">n 2007227529</controlfield>
  <controlfield tag="003">DLC</controlfield>
  <controlfield tag="005">20090619073308.0</controlfield>
  <controlfield tag="008">090618n| acannaabn          |a aaa      </controlfield>
  <datafield tag="010" ind1=" " ind2=" ">
    <subfield code="a">n 2007227529</subfield>
  </datafield>
  <datafield tag="040" ind1=" " ind2=" ">
    <subfield code="a">DLC</subfield>
    <subfield code="b">eng</subfield>
    <subfield code="c">DLC</subfield>
  </datafield>
  <datafield tag="100" ind1="1" ind2=" ">
    <subfield code="a">Fanani, Ahamad</subfield>
  </datafield>
  <datafield tag="400" ind1="0" ind2=" ">
    <subfield code="a">Ahamad Fanani</subfield>
  </datafield>
  <datafield tag="400" ind1="1" ind2=" ">
    <subfield code="a">Fanani, A.</subfield>
    <subfield code="q">(Ahamad)</subfield>
  </datafield>
  <datafield tag="670" ind1=" " ind2=" ">
    <subfield code="a">Kamus kesehatan, 2009:</subfield>
    <subfield code="b">t.p. (Ahamad Fanani, S.S.) cover (A. Fanani, S.S.)</subfield>
  </datafield>
</record>